@misc{aliprantis2006hitchhiker,
  title={A Hitchhiker’s Guide to Infinite dimensional analysis},
  author={Aliprantis, CD and Border, KC},
  year={2006},
  publisher={Springer}
}

-- Taleb, Nassim Nicholas --
@article{taleb2020statistical,
  title={Statistical Consequences of Fat Tails: Real World Preasymptotics, Epistemology, and Applications},
  author={Taleb, Nassim Nicholas},
  journal={arXiv preprint arXiv:2001.10488},
  year={2020}
}

@book{taleb2005fooled,
  title={Fooled by randomness: The hidden role of chance in life and in the markets},
  author={Taleb, Nassim},
  volume={1},
  year={2005},
  publisher={Random House Incorporated}
}


-- Popper, Karl --
@book{popper2005logic,
  title={The logic of scientific discovery},
  author={Popper, Karl},
  year={2005},
  publisher={Routledge}
}

@book{popper2014conjectures,
  title={Conjectures and refutations: The growth of scientific knowledge},
  author={Popper, Karl},
  year={2014},
  publisher={routledge}
}

-- BART & BRET --
@article{lejuez2002evaluation,
  title={Evaluation of a behavioral measure of risk taking: the Balloon Analogue Risk Task (BART).},
  author={Lejuez, Carl W and Read, Jennifer P and Kahler, Christopher W and Richards, Jerry B and Ramsey, Susan E and Stuart, Gregory L and Strong, David R and Brown, Richard A},
  journal={Journal of Experimental Psychology: Applied},
  volume={8},
  number={2},
  pages={75},
  year={2002},
  publisher={American Psychological Association}
}

@article{crosetto2013bomb,
  title={The “bomb” risk elicitation task},
  author={Crosetto, Paolo and Filippin, Antonio},
  journal={Journal of Risk and Uncertainty},
  volume={47},
  number={1},
  pages={31--65},
  year={2013},
  publisher={Springer}
}

@article{perez2019serious,
  title={How Serious is the Measurement-Error Problem in a Popular Risk-Aversion Task?},
  author={Perez, Fabien and Hollard, Guillaume and Vranceanu, Radu and Dubart, Delphine},
  journal={Available at SSRN 3456039},
  year={2019}
}

@article{de2020burst,
  title={Burst beliefs--methodological problems in the Balloon Analogue Risk Task and implications for its use},
  author={De Groot, Kristel},
  journal={Journal of Trial and Error},
  volume={1},
  number={1},
  year={2020},
  publisher={PubPub}
}

@article{steiner2021representative,
  title={Representative design in psychological assessment: A case study using the Balloon Analogue Risk Task (BART).},
  author={Steiner, Markus D and Frey, Renato},
  journal={Journal of Experimental Psychology: General},
  year={2021},
  publisher={American Psychological Association}
}



-- Multiple Choice --
@article{hey1994investigating,
  title={Investigating generalizations of expected utility theory using experimental data},
  author={Hey, John D and Orme, Chris},
  journal={Econometrica: Journal of the Econometric Society},
  pages={1291--1326},
  year={1994},
  publisher={JSTOR}
}

@article{wilcox2007predicting,
  title={Predicting risky choices out-of-context: A Monte Carlo study},
  author={Wilcox, N},
  journal={University of},
  year={2007}
}

@article{ert2017revisiting,
  title={Revisiting risk aversion: Can risk preferences change with experience?},
  author={Ert, Eyal and Haruvy, Ernan},
  journal={Economics Letters},
  volume={151},
  pages={91--95},
  year={2017},
  publisher={Elsevier}
}

@article{agranov2017stochastic,
  title={Stochastic choice and preferences for randomization},
  author={Agranov, Marina and Ortoleva, Pietro},
  journal={Journal of Political Economy},
  volume={125},
  number={1},
  pages={40--68},
  year={2017},
  publisher={University of Chicago Press Chicago, IL}
}

-- Utility curve --
@article{wakker2008explaining,
  title={Explaining the characteristics of the power (CRRA) utility family},
  author={Wakker, Peter P},
  journal={Health economics},
  volume={17},
  number={12},
  pages={1329--1344},
  year={2008},
  publisher={Wiley Online Library}
}

@book{friedman2014risky,
  title={Risky curves: On the empirical failure of expected utility},
  author={Friedman, Daniel and Isaac, R Mark and James, Duncan and Sunder, Shyam},
  year={2014},
  publisher={Routledge}
}

-- Experimental economics methods --
@article{becker1964measuring,
  title={Measuring utility by a single-response sequential method},
  author={Becker, Gordon M and DeGroot, Morris H and Marschak, Jacob},
  journal={Behavioral science},
  volume={9},
  number={3},
  pages={226--232},
  year={1964},
  publisher={Wiley Online Library}
}

@article{harrison2014experimental,
  title={Experimental payment protocols and the bipolar behaviorist},
  author={Harrison, Glenn W and Swarthout, J Todd},
  journal={Theory and Decision},
  volume={77},
  number={3},
  pages={423--438},
  year={2014},
  publisher={Springer}
}

@article{lezzi2015does,
  title={Does it matter which effort task you use? a comparison of four effort tasks when agents compete for a prize},
  author={Lezzi, Emanuela and Fleming, Piers and Zizzo, Daniel John},
  year={2015}
}

@article{charness2016,
title = "Experimental methods: Pay one or pay all",
journal = "Journal of Economic Behavior \& Organization",
volume = "131",
pages = "141 - 150",
year = "2016",
issn = "0167-2681",
doi = "https://doi.org/10.1016/j.jebo.2016.08.010",
url = "http://www.sciencedirect.com/science/article/pii/S0167268116301779",
author = "Gary Charness and Uri Gneezy and Brianna Halladay",
keywords = "Experiments, Payment approaches, Incentives",
abstract = "In some experiments participants make multiple decisions; this feature facilitates gathering a considerable amount of incentivized data over the course of a compact session. A conservative payment scheme is to pay for the outcome from every decision made. An alternative approach is to pay for the outcome of only a subset of the choices made, with the amount at stake for this choice multiplied to compensate for the decreased likelihood of that choice’s outcome being drawn for payoff. This “pay one” approach can help to avoid wealth effects, hedging, and bankruptcy considerations. A third method is to pay only a subset of the participants for their choices, thereby minimizing transactions costs. While the evidence on differences across payment methods is mixed, overall it suggests that paying for only a subset of periods or individuals is at least as effective as the “pay all” approach and can well be more effective. We further the discussion about how to best choose an incentive structure when designing an experiment."
}

@article{chen2016,
title = "oTree—An open-source platform for laboratory, online, and field experiments",
journal = "Journal of Behavioral and Experimental Finance",
volume = "9",
pages = "88 - 97",
year = "2016",
issn = "2214-6350",
doi = "https://doi.org/10.1016/j.jbef.2015.12.001",
url = "http://www.sciencedirect.com/science/article/pii/S2214635016000101",
author = "Daniel L. Chen and Martin Schonger and Chris Wickens",
keywords = "Experimental economics, Software, Laboratory experiments, Field experiments, Online experiments, Classroom experiments",
abstract = "oTree is an open-source and online software for implementing interactive experiments in the laboratory, online, the field or combinations thereof. oTree does not require installation of software on subjects’ devices; it can run on any device that has a web browser, be that a desktop computer, a tablet or a smartphone. Deployment can be internet-based without a shared local network, or local-network-based even without internet access. For coding, Python is used, a popular, open-source programming language. www.oTree.org provides the source code, a library of standard game templates and demo games which can be played by anyone."
}



-- Random Models --
@article{ratcliff1978theory,
  title={A theory of memory retrieval.},
  author={Ratcliff, Roger},
  journal={Psychological review},
  volume={85},
  number={2},
  pages={59},
  year={1978},
  publisher={American Psychological Association}
}

@article{ratcliff2008diffusion,
  title={The diffusion decision model: theory and data for two-choice decision tasks},
  author={Ratcliff, Roger and McKoon, Gail},
  journal={Neural computation},
  volume={20},
  number={4},
  pages={873--922},
  year={2008},
  publisher={MIT Press}
}

@article{gul2006random,
  title={Random expected utility},
  author={Gul, Faruk and Pesendorfer, Wolfgang},
  journal={Econometrica},
  volume={74},
  number={1},
  pages={121--146},
  year={2006},
  publisher={Wiley Online Library}
}

@article{gul2014random,
  title={Random choice as behavioral optimization},
  author={Gul, Faruk and Natenzon, Paulo and Pesendorfer, Wolfgang},
  journal={Econometrica},
  volume={82},
  number={5},
  pages={1873--1912},
  year={2014},
  publisher={Wiley Online Library}
}

@book{luce2012individual,
  title={Individual choice behavior: A theoretical analysis},
  author={Luce, R Duncan},
  year={2012},
  publisher={Courier Corporation}
}

@article{cerreia2019deliberately,
  title={Deliberately stochastic},
  author={Cerreia-Vioglio, Simone and Dillenberger, David and Ortoleva, Pietro and Riella, Gil},
  journal={American Economic Review},
  volume={109},
  number={7},
  pages={2425--45},
  year={2019}
}


-- Flexibility models --
@article{kreps1979representation,
  title={A representation theorem for" preference for flexibility"},
  author={Kreps, David M},
  journal={Econometrica: Journal of the Econometric Society},
  pages={565--577},
  year={1979},
  publisher={JSTOR}
}

@article{dekel2001representing,
	title={Representing preferences with a unique subjective state space},
	author={Dekel, Eddie and Lipman, Barton L and Rustichini, Aldo},
	journal={Econometrica},
	volume={69},
	number={4},
	pages={891--934},
	year={2001},
	publisher={Wiley Online Library}
}

@article{dekel2007representing,
  title={Representing Preferences with a Unique Subjective State Space: A Corrigendum 1},
  author={Dekel, Eddie and Lipman, Barton L and Rustichini, Aldo and Sarver, Todd},
  journal={Econometrica},
  volume={75},
  number={2},
  pages={591--600},
  year={2007},
  publisher={Wiley Online Library}
}

@article{dekel2009temptation,
	title={Temptation-driven preferences},
	author={Dekel, Eddie and Lipman, Barton L and Rustichini, Aldo},
	journal={The Review of Economic Studies},
	volume={76},
	number={3},
	pages={937--971},
	year={2009},
	publisher={Wiley-Blackwell}
}

-- Temptation models --
@article{gul2001temptation,
  title={Temptation and self-control},
  author={Gul, Faruk and Pesendorfer, Wolfgang},
  journal={Econometrica},
  volume={69},
  number={6},
  pages={1403--1435},
  year={2001},
  publisher={Wiley Online Library}
}

@article{gul2004self,
	title={Self-control and the theory of consumption},
	author={Gul, Faruk and Pesendorfer, Wolfgang},
	journal={Econometrica},
	volume={72},
	number={1},
	pages={119--158},
	year={2004},
	publisher={Wiley Online Library}
}


@article{gul2005simple,
	title={The simple theory of temptation and self-control},
	author={Gul, Faruk and Pesendorfer, Wolfgang and others},
	journal={Unpublished paper, Department of Economics, Princeton University.[104]},
	year={2005}
}

@article{noor2007commitment,
  title={Commitment and self-control},
  author={Noor, Jawwad},
  journal={Journal of Economic theory},
  volume={135},
  number={1},
  pages={1--34},
  year={2007},
  publisher={Elsevier}
}

@article{noor2010uphill,
  title={Uphill self-control},
  author={Noor, Jawwad and Takeoka, Norio},
  journal={Theoretical Economics},
  volume={5},
  number={2},
  pages={127--158},
  year={2010},
  publisher={Wiley Online Library}
}

@article{noor2011temptation,
  title={Temptation and revealed preference},
  author={Noor, Jawwad},
  journal={Econometrica},
  volume={79},
  number={2},
  pages={601--644},
  year={2011},
  publisher={Wiley Online Library}
}

@article{noor2015menu,
  title={Menu-dependent self-control},
  author={Noor, Jawwad and Takeoka, Norio},
  journal={Journal of Mathematical Economics},
  volume={61},
  pages={1--20},
  year={2015},
  publisher={Elsevier}
}

@inproceedings{lipman2013temptation,
  title={Temptation},
  author={Lipman, Barton L and Pesendorfer, Wolfgang and others},
  booktitle={Advances in economics and econometrics: Tenth World Congress},
  volume={1},
  pages={243--288},
  year={2013},
  organization={Citeseer}
}

-- Regret and temptation --
@article{sarver2008anticipating,
  title={Anticipating regret: Why fewer options may be better},
  author={Sarver, Todd},
  journal={Econometrica},
  volume={76},
  number={2},
  pages={263--305},
  year={2008},
  publisher={Wiley Online Library}
}


-- Litterature Kopylov --

@article{kopylov2009temptations,
  title={Temptations in general settings},
  author={Kopylov, Igor},
  journal={The BE Journal of Theoretical Economics},
  volume={9},
  number={1},
  year={2009},
  publisher={De Gruyter}
}

@article{kopylov2012perfectionism,
  title={Perfectionism and choice},
  author={Kopylov, Igor},
  journal={Econometrica},
  volume={80},
  number={5},
  pages={1819--1843},
  year={2012},
  publisher={Wiley Online Library}
}

-- Discounting litterature --
@article{strotz1955myopia,
	title={Myopia and inconsistency in dynamic utility maximization},
	author={Strotz, Robert Henry},
	journal={The Review of Economic Studies},
	volume={23},
	number={3},
	pages={165--180},
	year={1955},
	publisher={JSTOR}
}

@article{loewenstein1992anomalies,
	title={Anomalies in intertemporal choice: Evidence and an interpretation},
	author={Loewenstein, George and Prelec, Drazen},
	journal={The Quarterly Journal of Economics},
	volume={107},
	number={2},
	pages={573--597},
	year={1992},
	publisher={MIT Press}
}

@article{loewenstein1996out,
	title={Out of control: Visceral influences on behavior},
	author={Loewenstein, George},
	journal={Organizational behavior and human decision processes},
	volume={65},
	number={3},
	pages={272--292},
	year={1996},
	publisher={Elsevier}
}

@article{loewenstein1989anomalies,
	title={Anomalies: intertemporal choice},
	author={Loewenstein, George and Thaler, Richard H},
	journal={Journal of Economic perspectives},
	volume={3},
	number={4},
	pages={181--193},
	year={1989}
}

@article{laibson1997golden,
	title={Golden eggs and hyperbolic discounting},
	author={Laibson, David},
	journal={The Quarterly Journal of Economics},
	volume={112},
	number={2},
	pages={443--478},
	year={1997},
	publisher={MIT Press}
}

@article{o1999doing,
	title={Doing it now or later},
	author={O'Donoghue, Ted and Rabin, Matthew},
	journal={American Economic Review},
	volume={89},
	number={1},
	pages={103--124},
	year={1999}
}

@article{o2000economics,
	title={The economics of immediate gratification},
	author={O'Donoghue, Ted and Rabin, Matthew},
	journal={Journal of Behavioral Decision Making},
	volume={13},
	number={2},
	pages={233},
	year={2000},
	publisher={Wiley Periodicals Inc.}
}

@article{rabin2000diminishing,
	title={Diminishing marginal utility of wealth cannot explain risk aversion},
	author={Rabin, Matthew},
	year={2000}
}

-- Self-control --
@article{thaler1981economic,
	title={An economic theory of self-control},
	author={Thaler, Richard H and Shefrin, Hersh M},
	journal={Journal of political Economy},
	volume={89},
	number={2},
	pages={392--406},
	year={1981},
	publisher={The University of Chicago Press}
}

@article{thaler1981some,
	title={Some empirical evidence on dynamic inconsistency},
	author={Thaler, Richard},
	journal={Economics letters},
	volume={8},
	number={3},
	pages={201--207},
	year={1981},
	publisher={Elsevier}
}

-- Multiple self --
@article{fudenberg2006dual,
	title={A dual-self model of impulse control},
	author={Fudenberg, Drew and Levine, David K},
	journal={American economic review},
	volume={96},
	number={5},
	pages={1449--1476},
	year={2006}
}

@article{fudenberg2011risk,
	title={Risk, delay, and convex self-control costs},
	author={Fudenberg, Drew and Levine, David K},
	journal={American Economic Journal: Microeconomics},
	volume={3},
	number={3},
	pages={34--68},
	year={2011}
}

@article{fudenberg2012timing,
	title={Timing and Self-Control},
	author={Fudenberg, Drew and Levine, David K},
	journal={Econometrica},
	volume={80},
	number={1},
	pages={1--42},
	year={2012},
	publisher={Wiley Online Library}
}


@article{fudenberg2014approximate,
  title={An approximate dual-self model and paradoxes of choice under risk},
  author={Fudenberg, Drew and Levine, David K and Maniadis, Zacharias},
  journal={Journal of Economic Psychology},
  volume={41},
  pages={55--67},
  year={2014},
  publisher={Elsevier}
}



@article{dreber2016self,
  title={Self-control, social preferences and the effect of delayed payments},
  author={Dreber, Anna and Fudenberg, Drew and Levine, David K and Rand, David G},
  journal={Social Preferences and the Effect of Delayed Payments (February 17, 2016)},
  year={2016}
}

-------------------------------- Experience -----------------------------------

-- Temptation lab experiment --
@article{houser2018temptation,
	title={Temptation and Commitment in the Laboratory},
	author={Houser, Daniel and Schunk, Daniel and Winter, Joachim and Xiao, Erte},
	journal={Games and Economic Behavior},
	volume={107},
	pages={329--344},
	year={2018},
	publisher={Elsevier}
}

@techreport{toussaert2016connecting,
	title={Connecting commitment to self-control problems: Evidence from a weight loss challenge},
	author={Toussaert, S{\'e}verine},
	year={2016},
	institution={mimeo, NYU}
}

@article{toussaert2018eliciting,
	title={Eliciting Temptation and Self-Control Through Menu Choices: A Lab Experiment},
	author={Toussaert, S{\'e}verine},
	journal={Econometrica},
	volume={86},
	number={3},
	pages={859--889},
	year={2018},
	publisher={Wiley Online Library}
}

-- Temptation field experiment --
@article{heckman2006effects,
  title={The effects of cognitive and noncognitive abilities on labor market outcomes and social behavior},
  author={Heckman, James J and Stixrud, Jora and Urzua, Sergio},
  journal={Journal of Labor economics},
  volume={24},
  number={3},
  pages={411--482},
  year={2006},
  publisher={The University of Chicago Press}
}

@article{alan2015patience,
  title={Patience, self-control and the demand for commitment: Evidence from a large-scale field experiment},
  author={Alan, Sule and Ertac, Seda},
  journal={Journal of Economic Behavior \& Organization},
  volume={115},
  pages={111--122},
  year={2015},
  publisher={Elsevier}
}

@article{milkman2021film,
  title={Film rentals and procrastination: A study of intertemporal reversals in preferences and intrapersonal conflict},
  author={Milkman, Katy and Rogers, Todd and Bazerman, Max H},
  journal={In Practice},
  year={2021}
}

@article{read1999mixing,
  title={Mixing virtue and vice: Combining the immediacy effect and the diversification heuristic},
  author={Read, Daniel and Loewenstein, George and Kalyanaraman, Shobana},
  journal={Journal of Behavioral Decision Making},
  volume={12},
  number={4},
  pages={257--273},
  year={1999},
  publisher={Wiley Online Library}
}

@article{milkman2014holding,
  title={Holding the hunger games hostage at the gym: An evaluation of temptation bundling},
  author={Milkman, Katherine L and Minson, Julia A and Volpp, Kevin GM},
  journal={Management science},
  volume={60},
  number={2},
  pages={283--299},
  year={2014},
  publisher={INFORMS}
}

@article{trope2000counteractive,
  title={Counteractive self-control in overcoming temptation.},
  author={Trope, Yaacov and Fishbach, Ayelet},
  journal={Journal of personality and social psychology},
  volume={79},
  number={4},
  pages={493},
  year={2000},
  publisher={American Psychological Association}
}

-- Psychologie experiment --
@article{mischel1989delay,
	title={Delay of gratification in children},
	author={Mischel, Walter and Shoda, Yuichi and Rodriguez, Monica I},
	journal={Science},
	volume={244},
	number={4907},
	pages={933--938},
	year={1989},
	publisher={American Association for the Advancement of Science}
}

@article{kuhn2014self,
	title={Self control and intertemporal choice: Evidence from glucose and depletion interventions},
	author={Kuhn, Michael and Kuhn, Peter and Villeval, Marie Claire},
	year={2014}
}

-- Self Control --
@article{dellavigna2004contract,
	title={Contract design and self-control: Theory and evidence},
	author={DellaVigna, Stefano and Malmendier, Ulrike},
	journal={The Quarterly Journal of Economics},
	volume={119},
	number={2},
	pages={353--402},
	year={2004},
	publisher={MIT Press}
}

@article{dellavigna2006paying,
	title={Paying not to go to the gym},
	author={DellaVigna, Stefano and Malmendier, Ulrike},
	journal={American Economic Review},
	volume={96},
	number={3},
	pages={694--719},
	year={2006}
}

@article{heidhues2010exploiting,
	title={Exploiting naivete about self-control in the credit market},
	author={Heidhues, Paul and K{\H{o}}szegi, Botond},
	journal={American Economic Review},
	volume={100},
	number={5},
	pages={2279--2303},
	year={2010}
}

@article{ariely2002procrastination,
  title={Procrastination, deadlines, and performance: Self-control by precommitment},
  author={Ariely, Dan and Wertenbroch, Klaus},
  journal={Psychological science},
  volume={13},
  number={3},
  pages={219--224},
  year={2002},
  publisher={SAGE Publications Sage CA: Los Angeles, CA}
}

@techreport{kast2014saving,
  title={Saving more to borrow less: Experimental evidence from access to formal savings accounts in Chile},
  author={Kast, Felipe and Pomeranz, Dina},
  year={2014},
  institution={National Bureau of Economic Research}
}

@article{benabou2004willpower,
  title={Willpower and personal rules},
  author={B{\'e}nabou, Roland and Tirole, Jean},
  journal={Journal of Political Economy},
  volume={112},
  number={4},
  pages={848--886},
  year={2004},
  publisher={The University of Chicago Press}
}

-- Commitment --
@article{ashraf2006tying,
  title={Tying Odysseus to the mast: Evidence from a commitment savings product in the Philippines},
  author={Ashraf, Nava and Karlan, Dean and Yin, Wesley},
  journal={The Quarterly Journal of Economics},
  volume={121},
  number={2},
  pages={635--672},
  year={2006},
  publisher={MIT Press}
}

@article{gine2010put,
	title={Put your money where your butt is: a commitment contract for smoking cessation},
	author={Gin{\'e}, Xavier and Karlan, Dean and Zinman, Jonathan},
	journal={American Economic Journal: Applied Economics},
	volume={2},
	number={4},
	pages={213--35},
	year={2010}
}

@article{bryan2010commitment,
  title={Commitment devices},
  author={Bryan, Gharad and Karlan, Dean and Nelson, Scott},
  journal={Annu. Rev. Econ.},
  volume={2},
  number={1},
  pages={671--698},
  year={2010},
  publisher={Annual Reviews}
}

@article{chow2011demand,
	title={Demand for commitment in online gaming: a large-scale field experiment},
	author={Chow, Vinci YC and Acland, Dan},
	journal={University of California, Berkeley},
	year={2011}
}

@article{sjaastad2021ulyssean,
  title={Ulyssean Self-Control: Pre-commitment is effective, but choosing it freely requires good self-control},
  author={Sj{\aa}stad, Hallgeir and Ekstr{\"o}m, Mathias},
  journal={PsyArXiv. September},
  volume={4},
  year={2021}
}


---------------------------------- Autre --------------------------------------

@article{casari2009pre,
  title={Pre-commitment and flexibility in a time decision experiment},
  author={Casari, Marco},
  journal={Journal of Risk and Uncertainty},
  volume={38},
  number={2},
  pages={117--141},
  year={2009},
  publisher={Springer}
}

@article{harrison2004field,
  title={Field experiments},
  author={Harrison, Glenn W and List, John A},
  journal={Journal of Economic literature},
  volume={42},
  number={4},
  pages={1009--1055},
  year={2004}
}

@article{bhanot2017cheap,
  title={Cheap promises: Evidence from loan repayment pledges in an online experiment},
  author={Bhanot, Syon P},
  journal={Journal of Economic Behavior \& Organization},
  volume={140},
  pages={246--266},
  year={2017},
  publisher={Elsevier}
}

@article{rankin1993get,
  title={How to Get Ready for Retirement: Save, Save Save},
  author={Rankin, Deborah M},
  journal={New York Times},
  volume={3},
  number={13},
  pages={1993},
  year={1993}
}

@article{elster1979ulysses,
  title={Ulysses and the sirens: Studies in rationality and irrationality},
  author={Elster, Jon},
  year={1979}
}

@book{elster2000ulysses,
  title={Ulysses Unbound: Studies in Rationality, Precommitment, and Constraints},
  author={Elster, Jon},
  year={2000},
  publisher={Cambridge university press}
}

-- Statistics --
@article{field2018and,
  title={When and Why to Replicate: As Easy as 1, 2, 3?},
  author={Field, Sarahanne Miranda and Hoekstra, Rink and Bringmann, Laura and van Ravenzwaaij, Don},
  year={2018},
  publisher={PsyArXiv}
}

@article{bradley2013testing,
  title={Testing for a Zero Proportion},
  author={Bradley, Jonathan R and Farnsworth, David L},
  journal={Open Journal of Statistics},
  volume={3},
  number={04},
  pages={258},
  year={2013},
  publisher={Scientific Research Publishing}
}

-- PyMC --
@article{salvatier2016probabilistic,
  title={Probabilistic programming in Python using PyMC3},
  author={Salvatier, John and Wiecki, Thomas V and Fonnesbeck, Christopher},
  journal={PeerJ Computer Science},
  volume={2},
  pages={e55},
  year={2016},
  publisher={PeerJ Inc.}
}

@article{patil2010pymc,
  title={PyMC: Bayesian stochastic modelling in Python},
  author={Patil, Anand and Huard, David and Fonnesbeck, Christopher J},
  journal={Journal of statistical software},
  volume={35},
  number={4},
  pages={1},
  year={2010},
  publisher={Europe PMC Funders}
}


------------------------------- Pas a integrer --------------------------------
@book{joule1987petit,
  title={Petit trait{\'e} de manipulation {\`a} l'usage des honn{\^e}tes gens},
  author={Joule, Robert-Vincent and Beauvois, Jean-L{\'e}on and Deschamps, Jean Claude},
  year={1987},
  publisher={Presses universitaires de Grenoble Grenoble}
}

@book{festinger1957theory,
  title={A theory of cognitive dissonance},
  author={Festinger, Leon},
  volume={2},
  year={1957},
  publisher={Stanford university press}
}


@article{fudenberg1991game,
  title={Game theory, 1991},
  author={Fudenberg, Drew and Tirole, Jean},
  journal={Cambridge, Massachusetts},
  volume={393},
  number={12},
  pages={80},
  year={1991}
}

@book{camerer2011advances,
	title={Advances in behavioral economics},
	author={Camerer, Colin F and Loewenstein, George and Rabin, Matthew},
	year={2011},
	publisher={Princeton university press}
}

@book{kreps1988notes,
	title={Notes On The Theory Of Choice},
	author={Kreps, David},
	year={1988},
	publisher={Hachette UK}
}

@book{mas1995microeconomic,
	title={Microeconomic theory},
	author={Mas-Colell, Andreu and Whinston, Michael Dennis and Green, Jerry R and others},
	volume={1},
	year={1995},
	publisher={Oxford university press New York}
}

@book{morgenstern1953theory,
	title={Theory of games and economic behavior},
	author={Morgenstern, Oskar and Von Neumann, John},
	year={1953},
	publisher={Princeton university press}
}


================= oublie =======================================================
@article{burger2011field,
	title={Field and online experiments on self-control},
	author={Burger, Nicholas and Charness, Gary and Lynham, John},
	journal={Journal of Economic Behavior \& Organization},
	volume={77},
	number={3},
	pages={393--404},
	year={2011},
	publisher={Elsevier}
}

@article{uhl2011self,
	title={Do self-committers mind other-imposed commitment? An experiment on weak paternalism},
	author={Uhl, Matthias and others},
	journal={Rationality, Markets, and Morals},
	volume={2},
	pages={13--34},
	year={2011}
}

@article{laibson1998self,
  title={Self-control and saving for retirement},
  author={Laibson, David I and Repetto, Andrea and Tobacman, Jeremy and Hall, Robert E and Gale, William G and Akerlof, George A},
  journal={Brookings papers on economic activity},
  volume={1998},
  number={1},
  pages={91--196},
  year={1998},
  publisher={JSTOR}
}

@article{crosetto2016theoretical,
  title={A theoretical and experimental appraisal of four risk elicitation methods},
  author={Crosetto, Paolo and Filippin, Antonio},
  journal={Experimental Economics},
  volume={19},
  number={3},
  pages={613--641},
  year={2016},
  publisher={Springer}
}






